<collection xmlns="http://www.loc.gov/MARC21/slim">
<record>
  <leader>00787nam0a2200217 i 450 </leader>
  <controlfield tag="001">IT\ICCU\CNCE\009254</controlfield>
  <controlfield tag="005">19990915000000.0</controlfield>
  <datafield tag="012" ind1=" " ind2=" ">
    <subfield code="a">m,e- repo peu* nisu (3) 1588 (R)</subfield>
    <subfield code="2">fei</subfield>
  </datafield>
  <datafield tag="100" ind1=" " ind2=" ">
    <subfield code="a">19970101d1588        0itac0103    ba</subfield>
  </datafield>
  <datafield tag="101" ind1=" " ind2=" ">
    <subfield code="a">LAT</subfield>
  </datafield>
  <datafield tag="102" ind1=" " ind2=" ">
    <subfield code="a">IT</subfield>
  </datafield>
  <datafield tag="200" ind1="1" ind2=" ">
    <subfield code="a">℗Marcelli Caprae ℗Dialogus de instrumento philosophiae</subfield>
  </datafield>
  <datafield tag="210" ind1=" " ind2=" ">
    <subfield code="a">Messanae</subfield>
    <subfield code="c">ex typographia Fausti Bufalini</subfield>
    <subfield code="d">1588</subfield>
    <subfield code="h">1589</subfield>
  </datafield>
  <datafield tag="215" ind1=" " ind2=" ">
    <subfield code="a">\8!, 54 p.</subfield>
    <subfield code="d">4ʻ</subfield>
  </datafield>
  <datafield tag="620" ind1=" " ind2=" ">
    <subfield code="a">IT</subfield>
    <subfield code="d">Messina</subfield>
  </datafield>
  <datafield tag="700" ind1=" " ind2="1">
    <subfield code="a">Capra,</subfield>
    <subfield code="b">Marcello</subfield>
    <subfield code="3">IT\ICCU\CNCA\002579</subfield>
  </datafield>
  <datafield tag="712" ind1="0" ind2="0">
    <subfield code="a">Bufalini, Fausto</subfield>
    <subfield code="3">IT\ICCU\CNCT\001316</subfield>
    <subfield code="4">650</subfield>
  </datafield>
  <datafield tag="791" ind1="0" ind2="0">
    <subfield code="a">Bufalinus, Faustus</subfield>
    <subfield code="3">IT\ICCU\CNCT\004789</subfield>
    <subfield code="z">Bufalini, Fausto</subfield>
  </datafield>
  <datafield tag="791" ind1="0" ind2="0">
    <subfield code="a">Buffalino, Fausto</subfield>
    <subfield code="3">IT\ICCU\CNCT\004790</subfield>
    <subfield code="z">Bufalini, Fausto</subfield>
  </datafield>
  <datafield tag="801" ind1=" " ind2="3">
    <subfield code="a">IT</subfield>
    <subfield code="b">ICCU</subfield>
    <subfield code="c">20201113</subfield>
  </datafield>
  <datafield tag="899" ind1=" " ind2=" ">
    <subfield code="a">Biblioteca comunale. Enna</subfield>
    <subfield code="1">EN0025</subfield>
    <subfield code="2">ZEN 01</subfield>
  </datafield>
</record>
</collection>
